@misc{ve477,
	title={VE477 -- Introduction to Algorithms (lecture slides)},
	author={Manuel},
	year=2019,
}

@article{ziv_lempel_1978, 
    title={Compression of individual sequences via variable-rate coding}, 
    volume={24}, DOI={10.1109/tit.1978.1055934}, 
    number={5}, 
    journal={IEEE Transactions on Information Theory}, 
    author={Ziv, J. and Lempel, A.}, 
    year={1978}, pages={530–536}
}

@article{welch_1984, 
    title={A technique for high-performance data compression}, 
    volume={17}, 
    DOI={10.1109/mc.1984.1659158}, 
    number={6}, 
    journal={Computer}, 
    author={Welch}, 
    year={1984}, 
    pages={8–19}
}