@misc{ve477,
	title={VE477 -- Introduction to Algorithms (lecture slides)},
	author={Manuel},
	year=2019,
}

@misc{gupta2009revisiting,
    title={Revisiting Fermat's Factorization for the RSA Modulus}, 
    author={Sounak Gupta and Goutam Paul},
    year={2009},
    eprint={0910.4179},
    archivePrefix={arXiv},
    primaryClass={cs.CR}
}

@InProceedings{Smooth,
    author="Pomerance, Carl",
    editor="Chatterji, S. D.",
    title="The Role of Smooth Numbers in Number Theoretic Algorithms",
    booktitle="Proceedings of the International Congress of Mathematicians",
    year="1995",
    publisher="Birkh{\"a}user Basel",
    address="Basel",
    pages="411--422",
    isbn="978-3-0348-9078-6"
}

@inproceedings{QS,
    title={A Tale of Two Sieves},
    author={Carl Pomerance and Paul Erd{\"o}s},
    year={1998}
}
@book{joyOfFactoring,
    title={The Joy of Factoring},
    author = {Samuel S. Wagstaff, Jr},
    year={2013},
    publisher={American Mathematical Society},
    pages={195--202},
    isbn={978-1-4704-1048-3}
}