@misc{ve477,
	title={VE477 -- Introduction to Algorithms (lecture slides)},
	author={Manuel},
	year=2019,
}

@article{hitchcock_1941, 
    title={The distribution of a product from several sources to numerous localities}, 
    volume={20}, 
    DOI={10.1002/sapm1941201224}, 
    number={1-4}, 
    journal={Journal of Mathematics and Physics}, 
    author={Hitchcock, Frank L.}, 
    year={1941}, 
    pages={224–230}
} 

@article{brenner_2008, 
    title={A faster polynomial algorithm for the unbalanced Hitchcock Transportation Problem}, 
    volume={36}, 
    DOI={10.1016/j.orl.2008.01.011}, 
    number={4}, 
    journal={Operations Research Letters}, 
    author={Brenner, Ulrich}, 
    year={2008}, 
    pages={408–413}
} 

@article{vygen_2005, 
    title={Geometric quadrisection in linear time, with application to VLSI Placement}, 
    volume={2}, 
    DOI={10.1016/j.disopt.2005.08.007}, 
    number={4}, 
    journal={Discrete Optimization}, 
    author={Vygen, Jens}, 
    year={2005}, 
    pages={362–390}
} 

@book{ford_fulkerson_1962, 
    place={Princeton, NJ}, 
    title={Flows in networks}, 
    publisher={Princeton University Press}, 
    author={Ford, Lester Randolph and Fulkerson, Delbert Ray}, 
    year={1962}
} 