@misc{ve477,
	title={VE477 -- Introduction to Algorithms (lecture slides)},
	author={Manuel},
	year=2019,
}

@InProceedings{TS,
    title={Five Number Theoretic Algorithms},
    author={Daniel Shanks},
    year={1973},
    pages={51--70},
    publisher={the Second Manitoba Conference on Numerical Mathematics},
}